<?xml version='1.0' encoding='UTF-8'?>
<record xmlns="http://www.loc.gov/MARC21/slim">
  <leader>01171cam a2200337Ma 4500</leader>
  <controlfield tag="001">2763309</controlfield>
  <controlfield tag="003">NjP</controlfield>
  <controlfield tag="005">20111010113948.0</controlfield>
  <controlfield tag="008">890927s1930    ua a          000 0 araod</controlfield>
  <datafield tag="024" ind1="7" ind2=" ">
    <subfield code="a">princeton_aco002299</subfield>
    <subfield code="2">local</subfield>
  </datafield>
  <datafield ind1=" " ind2=" " tag="035">
    <subfield code="a">(OCoLC)ocn178327564</subfield>
  </datafield>
  <datafield ind1=" " ind2=" " tag="035">
    <subfield code="a">(OCoLC)ocm23521383</subfield>
  </datafield>
  <datafield ind1=" " ind2=" " tag="040">
    <subfield code="a">EYM</subfield>
    <subfield code="c">PUL</subfield>
    <subfield code="d">PUL</subfield>
  </datafield>
  <datafield ind1=" " ind2=" " tag="035">
    <subfield code="a">(OCoLC)178327564</subfield>
  </datafield>
  <datafield ind1=" " ind2=" " tag="035">
    <subfield code="9">CNF8388TS</subfield>
  </datafield>
  <datafield ind1=" " ind2=" " tag="035">
    <subfield code="a">(NjP)2763309</subfield>
  </datafield>
  <datafield ind1=" " ind2=" " tag="043">
    <subfield code="a">f-Ua---</subfield>
  </datafield>
  <datafield ind1=" " ind2="4" tag="050">
    <subfield code="a">DT 73</subfield>
    <subfield code="b">.T3 S52</subfield>
  </datafield>
  <datafield ind1=" " ind2=" " tag="079">
    <subfield code="a">ocm23521383</subfield>
  </datafield>
  <datafield ind1=" " ind2=" " tag="049">
    <subfield code="a">PULL</subfield>
  </datafield>
  <datafield ind1="1" ind2=" " tag="100">
    <subfield code="6">880-01</subfield>
    <subfield code="a">Shawqī, Ḥasan.</subfield>
  </datafield>
  <datafield ind1="1" ind2="3" tag="245">
    <subfield code="6">880-02</subfield>
    <subfield code="a">al-Kharīdah al-ʻjībah fī aṭlāl Ṭībah :</subfield>
    <subfield code="b">adab wa-tārīkh /</subfield>
    <subfield code="c">Ḥasan Shawqī.</subfield>
  </datafield>
  <datafield ind1=" " ind2=" " tag="250">
    <subfield code="6">880-03</subfield>
    <subfield code="a">al-Ṭabʻah 1.</subfield>
  </datafield>
  <datafield ind1=" " ind2=" " tag="260">
    <subfield code="6">880-04</subfield>
    <subfield code="a">al-Qāhirah :</subfield>
    <subfield code="b">al-Maṭbaʻah al-Ḥadīthah ,</subfield>
    <subfield code="c">1930.</subfield>
  </datafield>
  <datafield ind1=" " ind2=" " tag="300">
    <subfield code="a">159 p. :</subfield>
    <subfield code="b">ill. ;</subfield>
    <subfield code="c">22cm.</subfield>
  </datafield>
  <datafield ind1=" " ind2="0" tag="651">
    <subfield code="a">Thebes (Egypt : Extinct city)</subfield>
    <subfield code="x">Antiquities.</subfield>
  </datafield>
  <datafield ind1="1" ind2=" " tag="880">
    <subfield code="6">100-01/r</subfield>
    <subfield code="a">شوقي، حسن.</subfield>
  </datafield>
  <datafield ind1="1" ind2="2" tag="880">
    <subfield code="6">245-02/r</subfield>
    <subfield code="a">الخريدة العجيبة في اطلال طيبة :</subfield>
    <subfield code="b">ادب وتاريخ /</subfield>
    <subfield code="c">حسن شوقي.</subfield>
  </datafield>
  <datafield ind1=" " ind2=" " tag="880">
    <subfield code="6">250-03/r</subfield>
    <subfield code="a">الطبعة 1.</subfield>
  </datafield>
  <datafield ind1=" " ind2=" " tag="880">
    <subfield code="6">260-04/r</subfield>
    <subfield code="a">القاهرة :</subfield>
    <subfield code="b">المطبعة الحديثة ،</subfield>
    <subfield code="c">1930.</subfield>
  </datafield>
  <datafield ind1=" " ind2=" " tag="911">
    <subfield code="a">20000130</subfield>
  </datafield>
  <datafield ind1=" " ind2=" " tag="994">
    <subfield code="a">C0</subfield>
    <subfield code="b">PUL</subfield>
  </datafield>
  <datafield ind1=" " ind2=" " tag="999">
    <subfield code="a">2763309</subfield>
  </datafield>
  <datafield ind1="0" ind2="0" tag="852">
    <subfield code="0">3074092</subfield>
    <subfield code="b">nec</subfield>
    <subfield code="t">1</subfield>
    <subfield code="h">DT73.T3</subfield>
    <subfield code="i">S539 1930</subfield>
  </datafield>
  <datafield ind1=" " ind2=" " tag="959">
    <subfield code="a">2009-07-01 16:32:34 -0400</subfield>
  </datafield>
</record>
